<record><leader>00000cas a22000007a 4500</leader><controlfield tag="001">29411816</controlfield><controlfield tag="008">931201d19071909nmuwr ne      0    0eng d</controlfield><datafield ind1=" " ind2=" " tag="010"><subfield code="a">sn 93061819 </subfield></datafield><datafield ind1=" " ind2=" " tag="040"><subfield code="a">NVM</subfield><subfield code="b">eng</subfield><subfield code="c">NVM</subfield><subfield code="d">OCLCQ</subfield><subfield code="d">OCLCF</subfield><subfield code="d">OCLCO</subfield></datafield><datafield ind1="1" ind2=" " tag="029"><subfield code="a">AU@</subfield><subfield code="b">000025874006</subfield></datafield><datafield ind1=" " ind2=" " tag="042"><subfield code="a">msc</subfield></datafield><datafield ind1=" " ind2=" " tag="043"><subfield code="a">n-us-nm</subfield></datafield><datafield ind1="0" ind2="4" tag="245"><subfield code="a">The Nara Visa New Mexican.</subfield></datafield><datafield ind1="1" ind2="3" tag="246"><subfield code="a">New Mexican</subfield></datafield><datafield ind1=" " ind2=" " tag="260"><subfield code="a">Nara Visa, N.M. :</subfield><subfield code="b">V.E. McNeil</subfield></datafield><datafield ind1=" " ind2=" " tag="300"><subfield code="a">v.</subfield></datafield><datafield ind1=" " ind2=" " tag="310"><subfield code="a">Weekly</subfield></datafield><datafield ind1="1" ind2=" " tag="362"><subfield code="a">Began in Jan. 1907.</subfield><subfield code="z">Cf. Grove, Pearce S. /New Mexico newspapers.</subfield></datafield><datafield ind1="0" ind2=" " tag="362"><subfield code="a">-v. 3, no. 3 (Jan. 22, 1909).</subfield></datafield><datafield ind1=" " ind2=" " tag="530"><subfield code="a">Also on microfilm: El Paso, Tex. : Southwest Micropublishing, Inc.</subfield></datafield><datafield ind1=" " ind2=" " tag="588"><subfield code="a">Description based on: Vol. 1, no. 52 (Jan. 3, 1908).</subfield></datafield><datafield ind1=" " ind2="0" tag="651"><subfield code="a">Nara Visa (N.M.)</subfield><subfield code="v">Newspapers.</subfield></datafield><datafield ind1=" " ind2="0" tag="651"><subfield code="a">Quay County (N.M.)</subfield><subfield code="v">Newspapers.</subfield></datafield><datafield ind1=" " ind2="7" tag="655"><subfield code="a">Newspapers.</subfield><subfield code="2">fast</subfield><subfield code="0">(OCoLC)fst01423814</subfield></datafield><datafield ind1=" " ind2="7" tag="651"><subfield code="a">New Mexico</subfield><subfield code="z">Nara Visa.</subfield><subfield code="2">fast</subfield><subfield code="0">(OCoLC)fst01305954</subfield></datafield><datafield ind1=" " ind2="7" tag="651"><subfield code="a">New Mexico</subfield><subfield code="z">Quay County.</subfield><subfield code="2">fast</subfield><subfield code="0">(OCoLC)fst01215726</subfield></datafield><datafield ind1=" " ind2=" " tag="752"><subfield code="a">United States</subfield><subfield code="b">New Mexico</subfield><subfield code="c">Quay</subfield><subfield code="d">Nara Visa.</subfield></datafield><datafield ind1="0" ind2="7" tag="785"><subfield code="t">Nara Visa register</subfield><subfield code="w">(DLC)sn 93061807</subfield></datafield><datafield ind1="0" ind2="7" tag="785"><subfield code="t">Nara Visa New Mexican and register</subfield><subfield code="w">(DLC)sn 93061804</subfield></datafield></record>